<record xmlns="http://www.loc.gov/MARC21/slim" xmlns:xsi="http://www.w3.org/2001/XMLSchema-instance" xsi:schemaLocation="http://www.loc.gov/MARC21/slim http://www.loc.gov/standards/marcxml/schema/MARC21slim.xsd"><leader>     nam a22        4500</leader><controlfield tag="001">3071277</controlfield><controlfield tag="003">NNC</controlfield><controlfield tag="006">m        d        </controlfield><controlfield tag="007">cr cn |||m|||a</controlfield><controlfield tag="008">150313s1953    ua c    o     001 0 ara c</controlfield><datafield ind1=" " ind2=" " tag="040"><subfield code="a">NNU</subfield><subfield code="b">eng</subfield><subfield code="c">NNU</subfield></datafield><datafield ind1=" " ind2=" " tag="043"><subfield code="a">ar-----</subfield></datafield><datafield ind1=" " ind2="4" tag="050"><subfield code="a">DS208</subfield><subfield code="b">.H36 1953</subfield></datafield><datafield ind1="1" ind2=" " tag="100"><subfield code="6">880-05</subfield><subfield code="a">Hamda&#772;ni&#772;, al-H&#803;asan ibn Ah&#803;mad,</subfield><subfield code="d">-945.</subfield></datafield><datafield ind1="1" ind2="0" tag="245"><subfield code="6">880-01</subfield><subfield code="a">Kita&#772;b S&#803;ifat Jazi&#772;rat al-&#699;Arab</subfield><subfield code="h">[electronic resource] /</subfield><subfield code="c">li al-Hamda&#772;ni&#772; abi&#772; Muh&#803;ammad al-H&#803;asan ibn Ah&#803;mad ibn Ya&#699;qu&#772;b ibn Yu&#772;suf ibn Da&#772;&#700;u&#772;d al-Hamda&#772;ni&#772; ; qa&#772;ma bi-nashrihi&#772; wa tas&#803;h&#803;i&#772;h&#803;ihi&#772; wa mura&#772;ja&#699;atihi&#772; wa tah&#803;qi&#772;q biqa&#772;&#699;ihi&#772; Muh&#803;ammad ibn &#699;Abd Alla&#772;h ibn Bal-Yahd al-Najdi&#772;.</subfield></datafield><datafield ind1="3" ind2=" " tag="246"><subfield code="6">880-02</subfield><subfield code="a">S&#803;ifat Jazi&#772;rat al-&#699;Arab</subfield></datafield><datafield ind1=" " ind2=" " tag="260"><subfield code="6">880-03</subfield><subfield code="a">Mis&#803;r :</subfield><subfield code="b">Mat&#803;ba&#699;at al-Sa&#699;a&#772;dah,</subfield><subfield code="c">1953.</subfield></datafield><datafield ind1=" " ind2=" " tag="300"><subfield code="a">online resource (9, 438, 100 p.) :</subfield><subfield code="b">port.</subfield></datafield><datafield ind1=" " ind2=" " tag="500"><subfield code="a">Index of geographical names at end of vol. (100 p.).</subfield></datafield><datafield ind1=" " ind2=" " tag="500"><subfield code="a">Part of the Arabic Collections Online (ACO) project, contributed by Columbia University Libraries.</subfield></datafield><datafield ind1=" " ind2=" " tag="533"><subfield code="a">Electronic reproduction.</subfield><subfield code="b">New York, N.Y. :</subfield><subfield code="c">New York University,</subfield><subfield code="d">2015.</subfield><subfield code="5">NNU</subfield></datafield><datafield ind1=" " ind2="0" tag="651"><subfield code="a">Arabian Peninsula</subfield><subfield code="x">Description and travel</subfield><subfield code="v">Early works to 1800.</subfield></datafield><datafield ind1=" " ind2="7" tag="650"><subfield code="a">Travel.</subfield><subfield code="2">fast</subfield><subfield code="0">(OCoLC)fst01155558</subfield></datafield><datafield ind1=" " ind2="7" tag="651"><subfield code="a">Arabian Peninsula.</subfield><subfield code="2">fast</subfield><subfield code="0">(OCoLC)fst01240131</subfield></datafield><datafield ind1=" " ind2="7" tag="655"><subfield code="a">Early works.</subfield><subfield code="2">fast</subfield><subfield code="0">(OCoLC)fst01411636</subfield></datafield><datafield ind1="1" ind2=" " tag="700"><subfield code="6">880-04</subfield><subfield code="a">Ibn Bali&#772;had al-Najdi&#772;, Muh&#803;ammad ibn &#699;Abd Alla&#772;h.</subfield></datafield><datafield ind1="2" ind2=" " tag="710"><subfield code="a">Columbia University.</subfield><subfield code="b">Libraries.</subfield></datafield><datafield ind1="0" ind2=" " tag="730"><subfield code="a">Arabic Collections Online.</subfield></datafield><datafield ind1="0" ind2="8" tag="776"><subfield code="i">Online version:</subfield><subfield code="a">Hamda&#772;ni&#772;, al-H&#803;asan ibn Ah&#803;mad, d. 945.</subfield><subfield code="t">Kita&#772;b s&#803;ifat Jazi&#772;rat al-&#699;Arab.</subfield><subfield code="d">Mis&#803;r : Mat&#803;ba&#699;at al-Sa&#699;a&#772;dah, 1953</subfield><subfield code="w">(OCoLC)551679036</subfield></datafield><datafield ind1="0" ind2="8" tag="776"><subfield code="i">Online version:</subfield><subfield code="a">Hamda&#772;ni&#772;, al-H&#803;asan ibn Ah&#803;mad, d. 945.</subfield><subfield code="t">Kita&#772;b s&#803;ifat Jazi&#772;rat al-&#699;Arab.</subfield><subfield code="d">Mis&#803;r : Mat&#803;ba&#699;at al-Sa&#699;a&#772;dah, 1953</subfield><subfield code="w">(OCoLC)607882859</subfield></datafield><datafield ind1="0" ind2="8" tag="776"><subfield code="i">Print version:</subfield><subfield code="a">Hamda&#772;ni&#772;, al-H&#803;asan ibn Ah&#803;mad, -945.</subfield><subfield code="t">Kita&#772;b S&#803;ifat Jazi&#772;rat al-&#699;Arab</subfield><subfield code="w">(NNC)3071277</subfield><subfield code="w">(OCoLC)47813455</subfield></datafield><datafield ind1="4" ind2="0" tag="856"><subfield code="u">http://hdl.handle.net/2333.1/3bk3jcw8</subfield></datafield><datafield ind1="1" ind2=" " tag="880"><subfield code="6">100-05</subfield><subfield code="a">&#1607;&#1605;&#1583;&#1575;&#1606;&#1610;&#1548; &#1575;&#1604;&#1581;&#1587;&#1606; &#1576;&#1606; &#1571;&#1581;&#1605;&#1583;&#1548;</subfield><subfield code="d">&#1578;. 945.</subfield></datafield><datafield ind1="1" ind2="0" tag="880"><subfield code="6">245-01/r</subfield><subfield code="a">&#1603;&#1578;&#1575;&#1576; &#1589;&#1601;&#1577; &#1580;&#1586;&#1610;&#1585;&#1577; &#1575;&#1604;&#1593;&#1585;&#1576; /</subfield><subfield code="c">&#1604;&#1604;&#1607;&#1605;&#1583;&#1575;&#1606;&#1610; &#1605;&#1581;&#1605;&#1583; &#1575;&#1604;&#1581;&#1587;&#1606; &#1576;&#1606; &#1575;&#1581;&#1605;&#1583; &#1576;&#1606; &#1610;&#1593;&#1602;&#1608;&#1576; &#1576;&#1606; &#1610;&#1608;&#1587;&#1601; &#1576;&#1606; &#1583;&#1575;&#1572;&#1608;&#1583; &#1575;&#1604;&#1607;&#1605;&#1583;&#1575;&#1606;&#1610; &#1563; &#1602;&#1575;&#1605; &#1576;&#1606;&#1588;&#1585;&#1607; &#1608; &#1578;&#1589;&#1581;&#1610;&#1581;&#1607; &#1608; &#1605;&#1585;&#1575;&#1580;&#1593;&#1578;&#1607; &#1608; &#1578;&#1581;&#1602;&#1610;&#1602; &#1576;&#1602;&#1575;&#1593;&#1607; &#1605;&#1581;&#1605;&#1583; &#1576;&#1606; &#1593;&#1576;&#1583; &#1575;&#1604;&#1604;&#1607; &#1576;&#1606; &#1576;&#1604;&#1610;&#1607;&#1583; &#1575;&#1604;&#1606;&#1580;&#1583;&#1610;.</subfield></datafield><datafield ind1="3" ind2=" " tag="880"><subfield code="6">246-02/r</subfield><subfield code="a">&#1589;&#1601;&#1577; &#1580;&#1586;&#1610;&#1585;&#1577; &#1575;&#1604;&#1593;&#1585;&#1576;</subfield></datafield><datafield ind1=" " ind2=" " tag="880"><subfield code="6">260-03/r</subfield><subfield code="a">&#1605;&#1589;&#1585; :</subfield><subfield code="b">&#1605;&#1591;&#1576;&#1593;&#1577; &#1575;&#1604;&#1587;&#1593;&#1575;&#1583;&#1577;&#1548;</subfield><subfield code="c">1953.</subfield></datafield><datafield ind1="1" ind2=" " tag="880"><subfield code="6">700-04/r</subfield><subfield code="a">&#1575;&#1576;&#1606; &#1576;&#1604;&#1610;&#1607;&#1583; &#1575;&#1604;&#1606;&#1580;&#1583;&#1610;&#1548; &#1605;&#1581;&#1605;&#1583; &#1576;&#1606; &#1593;&#1576;&#1583; &#1575;&#1604;&#1604;&#1607;.</subfield></datafield><datafield ind1=" " ind2=" " tag="959"><subfield code="a">NNU</subfield><subfield code="b">WEB</subfield><subfield code="c">GENI</subfield><subfield code="t">0</subfield><subfield code="m">Electronic access</subfield><subfield code="s">01</subfield></datafield><datafield ind1=" " ind2=" " tag="999"><subfield code="i">NNC_3071277</subfield><subfield code="o">(OCoLC)ocm47813455 </subfield><subfield code="s">columbia_aco000410</subfield></datafield></record>